ST*835*0001~BPR*I*40.80*C*CHK************20110707~TRN*1*020961585*1123456789~REF*EV*745276163~REF*F2*0001~DTM*405*20110701~N1*PR*TEXASMEDICAIDHEALTHCARESERVICES~N3*12365ARIATATRACEPARKWAY~N4*ARSTIN*TX*787276524~PER*BL*JOHNWAYNE*TE*8005551212*EX*123~N1*PE*PROV2*XX*1234567891~N3*ADDRESS2~N4*CITY2*TX*77210~REF*TJ*999999999~LX*1~CLP*PATACCTNTMBER11111*1*40.8*40.8**MC*111111*12*A**10*123456789012345*99999999.99~NM1*QC*1*SHEPHARD*SAM*O***HN*666666666A~NM1*74*1******C*555555555~NM1*PR*2*OHTERINSTRANCENAME2*****PI*9876543210~REF*EA*777~REF*SY*645507788~REF*F8*222222~REF*G1*444~DTM*232*20110103~DTM*233*20110105~PER*CX*1234*TE*5125125122~AMT*DY*9999.89~AMT*T*89988.01~QTY*CA*2222.2~SVC*HC:99215*40.8*40.8~DTM*472*20110223~REF*G3*12345678~REF*1D*749999999~REF*HPI*1234567890~SE*35*0001~ST*835*0002~BPR*I*40.8*C*CHK************20110707~TRN*1*020961585*1123456789~REF*F2*0001~DTM*405*20110301~N1*PR*TEXASMEDICAIDHEALTHCARESERVICES~N3*12365ATRACEPARKWAY~N4*ARSTIN*TX*787276524~PER*BL*JOHNWAYNE*TE*8005551212*EX*123~N1*PE*PROV2*XX*1234567899~N3*ADDRESS2~N4*CITY2*TX*77210~REF*TJ*999999999~LX*1~CLP*PATACCTNTMBER11111*1*40.8*40.8**MC*111111*12*A**10*123456789012345*99999999.99~NM1*QC*1*5PATIENTLASTNAME*PATFTNAM*N**PATSTFFIX*MI*444444444~NM1*74*1******C*555555555~NM1*PR*2*OHTERINSTRANCENAME2*****PI*9876543210~REF*EA*777~REF*SY*645507788~REF*F8*222222~REF*G1*444~DTM*232*20110103~DTM*233*20110107~PER*CX*1234*TE*5125125122~AMT*DY*9999.89~AMT*T*89988.01~QTY*CA*2222.2~SVC*HC:99215*40.8*40.8~DTM*472*20110223~REF*G3*12345678~REF*1D*749999999~REF*HPI*9999999990~SE*34*0002~